{"portfolio": {"balance": 9810.0, "pnl": -190.0, "total_trades": 46, "win_rate": 50.0}, "trades": [{"timestamp": "2025-12-20 20:16:34", "ticker": "KXBTC-25DEC2117-T97499.99", "side": "no", "action": "buy", "size": 10, "price": 100, "cost": 10.0}, {"timestamp": "2025-12-20 20:16:52", "ticker": "KXBTC-25DEC2117-T97499.99", "side": "no", "action": "sell", "size": 100, "price": 4, "cost": 4.0}, {"timestamp": "2025-12-20 20:17:11", "ticker": "KXBTC-25DEC2117-T97499.99", "side": "no", "action": "sell", "size": 100, "price": 4, "cost": 4.0}, {"timestamp": "2025-12-20 20:17:29", "ticker": "KXBTC-25DEC2117-T97499.99", "side": "no", "action": "sell", "size": 100, "price": 4, "cost": 4.0}, {"timestamp": "2025-12-20 20:17:48", "ticker": "KXBTC-25DEC2117-T97499.99", "side": "no", "action": "sell", "size": 100, "price": 4, "cost": 4.0}, {"timestamp": "2025-12-20 20:18:07", "ticker": "KXBTC-25DEC2117-T97499.99", "side": "no", "action": "sell", "size": 100, "price": 4, "cost": 4.0}, {"timestamp": "2025-12-20 20:18:26", "ticker": "KXBTC-25DEC2117-T97499.99", "side": "no", "action": "sell", "size": 100, "price": 4, "cost": 4.0}, {"timestamp": "2025-12-20 20:18:45", "ticker": "KXBTC-25DEC2117-T97499.99", "side": "no", "action": "sell", "size": 100, "price": 4, "cost": 4.0}, {"timestamp": "2025-12-20 20:19:04", "ticker": "KXBTC-25DEC2117-T97499.99", "side": "no", "action": "sell", "size": 100, "price": 4, "cost": 4.0}, {"timestamp": "2025-12-20 20:19:23", "ticker": "KXBTC-25DEC2117-T97499.99", "side": "no", "action": "sell", "size": 100, "price": 4, "cost": 4.0}, {"timestamp": "2025-12-20 20:19:42", "ticker": "KXBTC-25DEC2117-T97499.99", "side": "no", "action": "sell", "size": 100, "price": 4, "cost": 4.0}, {"timestamp": "2025-12-20 20:20:01", "ticker": "KXBTC-25DEC2117-T97499.99", "side": "no", "action": "sell", "size": 100, "price": 4, "cost": 4.0}, {"timestamp": "2025-12-20 20:20:20", "ticker": "KXBTC-25DEC2117-T97499.99", "side": "no", "action": "sell", "size": 100, "price": 4, "cost": 4.0}, {"timestamp": "2025-12-20 20:20:39", "ticker": "KXBTC-25DEC2117-T97499.99", "side": "no", "action": "sell", "size": 100, "price": 4, "cost": 4.0}, {"timestamp": "2025-12-20 20:20:58", "ticker": "KXBTC-25DEC2117-T97499.99", "side": "no", "action": "sell", "size": 100, "price": 4, "cost": 4.0}, {"timestamp": "2025-12-20 20:21:17", "ticker": "KXBTC-25DEC2117-T97499.99", "side": "no", "action": "sell", "size": 100, "price": 4, "cost": 4.0}, {"timestamp": "2025-12-20 20:21:36", "ticker": "KXBTC-25DEC2117-T97499.99", "side": "no", "action": "sell", "size": 100, "price": 4, "cost": 4.0}, {"timestamp": "2025-12-20 20:21:54", "ticker": "KXBTC-25DEC2117-T97499.99", "side": "no", "action": "sell", "size": 100, "price": 4, "cost": 4.0}, {"timestamp": "2025-12-20 20:22:13", "ticker": "KXBTC-25DEC2117-T97499.99", "side": "no", "action": "sell", "size": 100, "price": 4, "cost": 4.0}, {"timestamp": "2025-12-20 20:22:32", "ticker": "KXBTC-25DEC2117-T97499.99", "side": "no", "action": "sell", "size": 100, "price": 4, "cost": 4.0}, {"timestamp": "2025-12-20 20:22:51", "ticker": "KXBTC-25DEC2117-T97499.99", "side": "no", "action": "sell", "size": 100, "price": 4, "cost": 4.0}, {"timestamp": "2025-12-20 20:23:10", "ticker": "KXBTC-25DEC2117-T97499.99", "side": "no", "action": "sell", "size": 100, "price": 4, "cost": 4.0}, {"timestamp": "2025-12-20 20:23:29", "ticker": "KXBTC-25DEC2117-T97499.99", "side": "no", "action": "sell", "size": 100, "price": 4, "cost": 4.0}, {"timestamp": "2025-12-20 20:23:48", "ticker": "KXBTC-25DEC2117-T97499.99", "side": "no", "action": "sell", "size": 100, "price": 4, "cost": 4.0}, {"timestamp": "2025-12-20 20:24:07", "ticker": "KXBTC-25DEC2117-T97499.99", "side": "no", "action": "sell", "size": 100, "price": 4, "cost": 4.0}, {"timestamp": "2025-12-20 20:24:26", "ticker": "KXBTC-25DEC2117-T97499.99", "side": "no", "action": "sell", "size": 100, "price": 4, "cost": 4.0}, {"timestamp": "2025-12-20 20:24:45", "ticker": "KXBTC-25DEC2117-T97499.99", "side": "no", "action": "sell", "size": 100, "price": 4, "cost": 4.0}, {"timestamp": "2025-12-20 20:25:03", "ticker": "KXBTC-25DEC2117-T97499.99", "side": "no", "action": "sell", "size": 100, "price": 4, "cost": 4.0}, {"timestamp": "2025-12-20 20:25:23", "ticker": "KXBTC-25DEC2117-T97499.99", "side": "no", "action": "sell", "size": 100, "price": 4, "cost": 4.0}, {"timestamp": "2025-12-20 20:25:42", "ticker": "KXBTC-25DEC2117-T97499.99", "side": "no", "action": "sell", "size": 100, "price": 4, "cost": 4.0}, {"timestamp": "2025-12-20 20:26:01", "ticker": "KXBTC-25DEC2117-T97499.99", "side": "no", "action": "sell", "size": 100, "price": 4, "cost": 4.0}, {"timestamp": "2025-12-20 20:26:20", "ticker": "KXBTC-25DEC2117-T97499.99", "side": "no", "action": "sell", "size": 100, "price": 4, "cost": 4.0}, {"timestamp": "2025-12-20 20:26:39", "ticker": "KXBTC-25DEC2117-T97499.99", "side": "no", "action": "sell", "size": 100, "price": 4, "cost": 4.0}, {"timestamp": "2025-12-20 20:26:58", "ticker": "KXBTC-25DEC2117-T97499.99", "side": "no", "action": "sell", "size": 100, "price": 4, "cost": 4.0}, {"timestamp": "2025-12-20 20:27:17", "ticker": "KXBTC-25DEC2117-T97499.99", "side": "no", "action": "sell", "size": 100, "price": 4, "cost": 4.0}, {"timestamp": "2025-12-20 20:27:36", "ticker": "KXBTC-25DEC2117-T97499.99", "side": "no", "action": "sell", "size": 100, "price": 4, "cost": 4.0}, {"timestamp": "2025-12-20 20:27:54", "ticker": "KXBTC-25DEC2117-T97499.99", "side": "no", "action": "sell", "size": 100, "price": 4, "cost": 4.0}, {"timestamp": "2025-12-20 20:28:13", "ticker": "KXBTC-25DEC2117-T97499.99", "side": "no", "action": "sell", "size": 100, "price": 4, "cost": 4.0}, {"timestamp": "2025-12-20 20:28:32", "ticker": "KXBTC-25DEC2117-T97499.99", "side": "no", "action": "sell", "size": 100, "price": 4, "cost": 4.0}, {"timestamp": "2025-12-20 20:28:51", "ticker": "KXBTC-25DEC2117-T97499.99", "side": "no", "action": "sell", "size": 100, "price": 4, "cost": 4.0}, {"timestamp": "2025-12-20 20:29:10", "ticker": "KXBTC-25DEC2117-T97499.99", "side": "no", "action": "sell", "size": 100, "price": 4, "cost": 4.0}, {"timestamp": "2025-12-20 20:29:29", "ticker": "KXBTC-25DEC2117-T97499.99", "side": "no", "action": "sell", "size": 100, "price": 4, "cost": 4.0}, {"timestamp": "2025-12-20 20:29:48", "ticker": "KXBTC-25DEC2117-T97499.99", "side": "no", "action": "sell", "size": 100, "price": 4, "cost": 4.0}, {"timestamp": "2025-12-20 20:30:06", "ticker": "KXBTC-25DEC2117-T97499.99", "side": "no", "action": "sell", "size": 100, "price": 4, "cost": 4.0}, {"timestamp": "2025-12-20 20:30:25", "ticker": "KXBTC-25DEC2117-T97499.99", "side": "no", "action": "sell", "size": 100, "price": 4, "cost": 4.0}, {"timestamp": "2025-12-20 20:30:44", "ticker": "KXBTC-25DEC2117-T97499.99", "side": "no", "action": "sell", "size": 100, "price": 4, "cost": 4.0}], "portfolio_history": [{"step": 1, "value": 10000}, {"step": 2, "value": 10000}, {"step": 3, "value": 10000}, {"step": 4, "value": 10000}, {"step": 5, "value": 9990.0}, {"step": 6, "value": 9986.0}, {"step": 7, "value": 9982.0}, {"step": 8, "value": 9978.0}, {"step": 9, "value": 9974.0}, {"step": 10, "value": 9970.0}, {"step": 11, "value": 9966.0}, {"step": 12, "value": 9962.0}, {"step": 13, "value": 9958.0}, {"step": 14, "value": 9954.0}, {"step": 15, "value": 9950.0}, {"step": 16, "value": 9946.0}, {"step": 17, "value": 9942.0}, {"step": 18, "value": 9938.0}, {"step": 19, "value": 9934.0}, {"step": 20, "value": 9930.0}, {"step": 21, "value": 9926.0}, {"step": 22, "value": 9922.0}, {"step": 23, "value": 9918.0}, {"step": 24, "value": 9914.0}, {"step": 25, "value": 9910.0}, {"step": 26, "value": 9906.0}, {"step": 27, "value": 9902.0}, {"step": 28, "value": 9898.0}, {"step": 29, "value": 9894.0}, {"step": 30, "value": 9890.0}, {"step": 31, "value": 9886.0}, {"step": 32, "value": 9882.0}, {"step": 33, "value": 9878.0}, {"step": 34, "value": 9874.0}, {"step": 35, "value": 9870.0}, {"step": 36, "value": 9866.0}, {"step": 37, "value": 9862.0}, {"step": 38, "value": 9858.0}, {"step": 39, "value": 9854.0}, {"step": 40, "value": 9850.0}, {"step": 41, "value": 9846.0}, {"step": 42, "value": 9842.0}, {"step": 43, "value": 9838.0}, {"step": 44, "value": 9834.0}, {"step": 45, "value": 9830.0}, {"step": 46, "value": 9826.0}, {"step": 47, "value": 9822.0}, {"step": 48, "value": 9818.0}, {"step": 49, "value": 9814.0}, {"step": 50, "value": 9810.0}], "latest_decision": {"action": "SELL_NO", "size": 100, "timestamp": "2025-12-20 20:30:41"}, "markets": []}